<record><leader>00000cas a2200000 a 4500</leader><controlfield tag="001">9836422</controlfield><controlfield tag="008">830823d1857186unyuwr ne      0    0eng c</controlfield><datafield ind1=" " ind2=" " tag="010"><subfield code="a">sn 83031269 </subfield></datafield><datafield ind1=" " ind2=" " tag="040"><subfield code="a">NPU</subfield><subfield code="b">eng</subfield><subfield code="c">NPU</subfield><subfield code="d">NPX</subfield><subfield code="d">NYS</subfield><subfield code="d">OCL</subfield><subfield code="d">NYS</subfield><subfield code="d">OCL</subfield><subfield code="d">DLC</subfield><subfield code="d">UKMGB</subfield><subfield code="d">OCLCQ</subfield><subfield code="d">OCLCF</subfield></datafield><datafield ind1="7" ind2=" " tag="016"><subfield code="a">013917666</subfield><subfield code="2">Uk</subfield></datafield><datafield ind1="1" ind2=" " tag="029"><subfield code="a">AU@</subfield><subfield code="b">000020227064</subfield></datafield><datafield ind1=" " ind2=" " tag="042"><subfield code="a">pcc</subfield></datafield><datafield ind1=" " ind2=" " tag="043"><subfield code="a">n-us-ny</subfield></datafield><datafield ind1="0" ind2="0" tag="050"><subfield code="a">Newspaper</subfield></datafield><datafield ind1="0" ind2=" " tag="130"><subfield code="a">Cherry Valley gazette (Cherry Valley, N.Y. : 1857)</subfield></datafield><datafield ind1="1" ind2="0" tag="245"><subfield code="a">Cherry Valley gazette.</subfield></datafield><datafield ind1=" " ind2=" " tag="260"><subfield code="a">Cherry Valley, N.Y. :</subfield><subfield code="b">A.S. Botsford</subfield></datafield><datafield ind1=" " ind2=" " tag="300"><subfield code="a">v. :</subfield><subfield code="b">ill. (chiefly adv.) ;</subfield><subfield code="c">60 cm.</subfield></datafield><datafield ind1=" " ind2=" " tag="310"><subfield code="a">Weekly</subfield></datafield><datafield ind1="0" ind2=" " tag="362"><subfield code="a">Vol. 34, no 1717 (Dec. 31, 1857)- = new ser., v. 4, no. 1-</subfield></datafield><datafield ind1=" " ind2=" " tag="515"><subfield code="a">Suspended, &lt;1866&gt;; resumed with unnumbered July 4, 1866 issue.</subfield></datafield><datafield ind1=" " ind2=" " tag="515"><subfield code="a">Issues for Aug. 8, 1866-Apr. 8, 1868 numbered: Vol. 12, no. 4-v. 13, no. 31 = whole no. 2069-2149.</subfield></datafield><datafield ind1=" " ind2=" " tag="515"><subfield code="a">Jan. 4, 1860 issue misdated 1859.</subfield></datafield><datafield ind1=" " ind2=" " tag="530"><subfield code="a">Also issued on microfilm from the Library of Congress, Photoduplication Service.</subfield></datafield><datafield ind1=" " ind2=" " tag="588"><subfield code="a">Latest issue consulted: Vol. 13, no. 31 (Apr. 8, 1868) = 2,149.</subfield></datafield><datafield ind1=" " ind2="0" tag="651"><subfield code="a">Cherry Valley (N.Y.)</subfield><subfield code="v">Newspapers.</subfield></datafield><datafield ind1=" " ind2="7" tag="655"><subfield code="a">Newspapers.</subfield><subfield code="2">fast</subfield><subfield code="0">(OCoLC)fst01423814</subfield></datafield><datafield ind1=" " ind2="7" tag="651"><subfield code="a">New York (State)</subfield><subfield code="z">Cherry Valley.</subfield><subfield code="2">fast</subfield><subfield code="0">(OCoLC)fst01263960</subfield></datafield><datafield ind1=" " ind2=" " tag="752"><subfield code="a">United States</subfield><subfield code="b">New York</subfield><subfield code="c">Otsego</subfield><subfield code="d">Cherry Valley.</subfield></datafield><datafield ind1="0" ind2="0" tag="780"><subfield code="t">Otsego gazette and examiner</subfield><subfield code="w">(DLC)sn 85026234</subfield><subfield code="w">(OCoLC)12114262</subfield></datafield></record>